<record><leader>00000cas a2200000 a 4500</leader><controlfield tag="001">12092246</controlfield><controlfield tag="008">850529d18791881ksuwr ne      0    0eng d</controlfield><datafield ind1=" " ind2=" " tag="010"><subfield code="a">sn 85030351 </subfield></datafield><datafield ind1=" " ind2=" " tag="040"><subfield code="a">KSH</subfield><subfield code="b">eng</subfield><subfield code="c">KSH</subfield><subfield code="d">NPT</subfield><subfield code="d">OCL</subfield><subfield code="d">OCLCQ</subfield></datafield><datafield ind1=" " ind2=" " tag="042"><subfield code="a">msc</subfield></datafield><datafield ind1="0" ind2=" " tag="130"><subfield code="a">Western democrat (Beloit, Kan. : 1879)</subfield></datafield><datafield ind1="1" ind2="4" tag="245"><subfield code="a">The western democrat.</subfield></datafield><datafield ind1=" " ind2=" " tag="260"><subfield code="a">Beloit, Kan :</subfield><subfield code="b">Joseph B. Chapman,</subfield><subfield code="c">1879-1881.</subfield></datafield><datafield ind1=" " ind2=" " tag="300"><subfield code="a">3 v. ;</subfield><subfield code="c">53 cm.</subfield></datafield><datafield ind1=" " ind2=" " tag="310"><subfield code="a">Weekly</subfield></datafield><datafield ind1="0" ind2=" " tag="362"><subfield code="a">Vol. 2, no. 1 (Sept. 26, 1879)-v. 4, no. 5 (Oct. 21, 1881).</subfield></datafield><datafield ind1=" " ind2=" " tag="500"><subfield code="a">Published by F.W. Hiddleson, Oct. 14-21, 1881.</subfield></datafield><datafield ind1=" " ind2=" " tag="525"><subfield code="a">Supplements included.</subfield></datafield><datafield ind1=" " ind2=" " tag="752"><subfield code="a">United States</subfield><subfield code="b">Kansas</subfield><subfield code="c">Mitchell</subfield><subfield code="d">Beloit.</subfield></datafield><datafield ind1="0" ind2="0" tag="780"><subfield code="t">Beloit weekly democrat</subfield><subfield code="w">(DLC)sn 85030350</subfield></datafield><datafield ind1="0" ind2="0" tag="785"><subfield code="t">Western nationalist</subfield><subfield code="w">(DLC)sn 85030352</subfield></datafield></record>